<?xml version="1.0" encoding="UTF-8"?><collection xmlns="http://www.loc.gov/MARC21/slim"><record><leader>00584nam--2200181-i-4500</leader><controlfield tag="001">000047425</controlfield><controlfield tag="002">20161230</controlfield><controlfield tag="005">20161230201046</controlfield><controlfield tag="008">060222s1000------------r-----000-0-fre-d</controlfield><datafield ind1=" " ind2=" " tag="040"><subfield code="a">IFIN-HH</subfield></datafield><datafield ind1=" " ind2=" " tag="041"><subfield code="a">fre</subfield></datafield><datafield ind1=" " ind2=" " tag="080"><subfield code="a">530.12(075.8)</subfield></datafield><datafield ind1="1" ind2=" " tag="100"><subfield code="a">Weyl, H</subfield></datafield><datafield ind1="1" ind2="0" tag="245"><subfield code="a">Temps, espace, matiere. lecons sur la theorie de la relativite generale</subfield><subfield code="b">Traduits sur la quatrieme edition allemande par gustave juvet et robert leroy</subfield><subfield code="c">H. weyl</subfield></datafield><datafield ind1=" " ind2=" " tag="260"><subfield code="a">Paris</subfield><subfield code="b">Librairie Scientifique Albert Blanchard</subfield><subfield code="c">1922</subfield></datafield><datafield ind1=" " ind2=" " tag="300"><subfield code="a">VII + 290P</subfield></datafield><datafield ind1=" " ind2=" " tag="852"><subfield code="a">44646</subfield><subfield code="c">H.H</subfield></datafield><datafield ind1=" " ind2=" " tag="CAT"><subfield code="a">Sys</subfield><subfield code="c">20130416</subfield><subfield code="h">154018</subfield></datafield></record></collection>